% Machine learning
@book{goodfellow,
    title={Deep Learning},
    author={Ian Goodfellow and Yoshua Bengio and Aaron Courville},
    publisher={MIT Press},
    note={\url{http://www.deeplearningbook.org}},
    year={2016}
}
@book{mitchell1990machine,
    author = {Mitchell, Thomas M.},
    title = {Machine Learning},
    year = {1997},
    isbn = {0070428077, 9780070428072},
    edition = {1},
    publisher = {McGraw-Hill, Inc.},
    address = {New York, NY, USA},
}
@article{samuel1959some,
    author={A. L. {Samuel}},
    journal={IBM Journal of Research and Development},
    title={Some Studies in Machine Learning Using the Game of Checkers},
    year={1959},
    volume={3},
    number={3},
    pages={210-229},
    keywords={},
    doi={10.1147/rd.33.0210},
    ISSN={0018-8646},
    month={July},
}
@book{boyd2004convex,
    title={Convex optimization},
    author={Boyd, Stephen and Vandenberghe, Lieven},
    year={2004},
    publisher={Cambridge university press}
}
@book{rovithakis,
    title={Τεχνικές Βελτιστοποίησης},
    author={Ροβιθάκης Γεώργιος},
    year={2007},
    publisher={Εκδόσεις ΤΖΙΟΛΑ}
}
@inproceedings{tao2015bearing,
    title={Bearing fault diagnosis method based on stacked autoencoder and softmax regression},
    author={Tao, Siqin and Zhang, Tao and Yang, Jun and Wang, Xueqian and Lu, Weining},
    booktitle={2015 34th Chinese Control Conference (CCC)},
    pages={6331--6335},
    year={2015},
    organization={IEEE}
}
%% CRFs
@article{lafferty2001conditional,
    author = {Lafferty, John and Mccallum, Andrew and Pereira, Fernando},
    year = {2001},
    month = {01},
    title = {Conditional Random Fields: Probabilistic Models for Segmenting and Labeling Sequence Data},
    journal = {Proc ICML}
}
@article{sutton2012introduction,
    title={An introduction to conditional random fields},
    author={Sutton, Charles and McCallum, Andrew and others},
    journal={Foundations and Trends{\textregistered} in Machine Learning},
    volume={4},
    number={4},
    pages={267--373},
    year={2012},
    publisher={Now Publishers, Inc.}
}
%% Neural Networks
@inproceedings{hinton1986learning,
    title={Learning distributed representations of concepts},
    author={Hinton, Geoffrey E and others},
    booktitle={Proceedings of the eighth annual conference of the cognitive science society},
    volume={1},
    pages={12},
    year={1986},
    organization={Amherst, MA}
}
%%% Backprop
@article{werbos1974beyond,
    title={Beyond Regression:" New Tools for Prediction and Analysis in the Behavioral Sciences},
    author={Werbos, Paul},
    journal={Ph. D. dissertation, Harvard University},
    year={1974}
}
@article{lecun1985procedure,
    title={Une procedure d'apprentissage ponr reseau a seuil asymetrique},
    author={LeCun, Yann},
    journal={Proceedings of Cognitiva 85},
    pages={599--604},
    year={1985}
}
@article{parker1985learning,
    title={Learning logic},
    author={Parker, David B},
    year={1985}
}
@article{rumelhart1988learning,
    title={Learning representations by back-propagating errors},
    author={Rumelhart, David E and Hinton, Geoffrey E and Williams, Ronald J and others},
    journal={Cognitive modeling},
    volume={5},
    number={3},
    pages={1},
    year={1988}
}
%%% Deep
@article{hinton2006fast,
    title={A fast learning algorithm for deep belief nets},
    author={Hinton, Geoffrey E and Osindero, Simon and Teh, Yee-Whye},
    journal={Neural computation},
    volume={18},
    number={7},
    pages={1527--1554},
    year={2006},
    publisher={MIT Press}
}
%%% LSTM
@article{hochreiter1997long,
    title={Long short-term memory},
    author={Hochreiter, Sepp and Schmidhuber, J{\"u}rgen},
    journal={Neural computation},
    volume={9},
    number={8},
    pages={1735--1780},
    year={1997},
    publisher={MIT Press}
}
@article{sennhauser2018evaluating,
    title={Evaluating the Ability of LSTMs to Learn Context-Free Grammars},
    author={Sennhauser, Luzi and Berwick, Robert C},
    journal={arXiv preprint arXiv:1811.02611},
    year={2018}
}
% NLP
@article{wordnet,
    title={WordNet: a lexical database for English},
    author={Miller, George A},
    journal={Communications of the ACM},
    volume={38},
    number={11},
    pages={39--41},
    year={1995},
    publisher={ACM}
}
@misc{komvos,
    title={Λεξικό Όρων},
    author={Χριστίδης, Αναστάσιος-Φοίβος and Θεοδωροπούλου, Μαρία and  Αραποπούλου, Μαρία and others},
    publisher={Ηλεκτρονικό Κόμβος για την υποστήριξη των διδασκόντων την ελληνική γλώσσα},
    year={2006},
    howpublished={\url{http://www.komvos.edu.gr/glwssa/Lexiko/lexiko_n.htm}}
}
@misc{lexica-glossology,
    title={Λεξικό γλωσσολογικών όρων},
    publisher={Κέντρο Ελληνικής Γλώσσας},
    journal={Πύλη για την ελληνική γλώσσα και τη γλωσσική εκπαίδευση},
    author={Θεοδωροπούλου, Μαρία and Βελούδης, Γιάννης and Καρανάσιος, Γιώργος and others},
    year={2006},
    howpublished={\url{http://www.greek-language.gr/greekLang/modern_greek/tools/lexica/glossology/index.html}}
}
@article{word2vec,
    title={Efficient estimation of word representations in vector space},
    author={Mikolov, Tomas and Chen, Kai and Corrado, Greg and Dean, Jeffrey},
    journal={arXiv preprint arXiv:1301.3781},
    year={2013}
}
