@inproceedings{levesque2012winograd,
    title={The winograd schema challenge},
    author={Levesque, Hector and Davis, Ernest and Morgenstern, Leora},
    booktitle={Thirteenth International Conference on the Principles of Knowledge Representation and Reasoning},
    year={2012}
}
@inproceedings{peng2015solving,
    title={Solving hard coreference problems},
    author={Peng, Haoruo and Khashabi, Daniel and Roth, Dan},
    booktitle={Proceedings of the 2015 Conference of the North American Chapter of the Association for Computational Linguistics: Human Language Technologies},
    pages={809--819},
    year={2015}
}
@inproceedings{ng2017machine,
    title={Machine learning for entity coreference resolution: A retrospective look at two decades of research},
    author={Ng, Vincent},
    booktitle={Thirty-First AAAI Conference on Artificial Intelligence},
    year={2017}
}
%% External Knowledge
@inproceedings{rahman2011coreference,
    title={Coreference resolution with world knowledge},
    author={Rahman, Altaf and Ng, Vincent},
    booktitle={Proceedings of the 49th Annual Meeting of the Association for Computational Linguistics: Human Language Technologies-Volume 1},
    pages={814--824},
    year={2011},
    organization={Association for Computational Linguistics}
}
@article{zhang2019incorporating,
    title={Incorporating Context and External Knowledge for Pronoun Coreference Resolution},
    author={Zhang, Hongming and Song, Yan and Song, Yangqiu},
    journal={arXiv preprint arXiv:1905.10238},
    year={2019}
}
% Stanford CoreNLP
%% Deterministic System
@inproceedings{CorefAnnotatorD1,
    year = {2010},
    author = {Raghunathan, Karthik and Lee, Heeyoung and Rangarajan, Sudarshan and Chambers, Nathanael and Surdeanu, Mihai and Jurafsky, Dan and Manning, Christopher},
    booktitle = {Empirical Methods in Natural Language Processing (EMNLP)},
    title = {A Multi-Pass Sieve for Coreference Resolution},
}
@inproceedings{CorefAnnotatorD2,
    author = {Heeyoung Lee and Yves Peirsman and Angel Chang and Nathanael Chambers and Mihai Surdeanu and Dan Jurafsky},
    title = {Stanford's Multi-Pass Sieve Coreference Resolution System at the CoNLL-2011 Shared Task},
    booktitle = {Conference on Natural Language Learning (CoNLL) Shared Task},
    year = {2011},
    URL = {pubs/conllst2011-coref.pdf}
}
@inproceedings{CorefAnnotatorD3,
    title={The life and death of discourse entities: Identifying singleton mentions},
    author={Recasens, Marta and de Marneffe, Marie-Catherine and Potts, Christopher},
    booktitle={Proceedings of the 2013 Conference of the North American Chapter of the Association for Computational Linguistics: Human Language Technologies},
    pages={627--633},
    year={2013}
}
%% Statistical System
@inproceedings{CorefAnnotatorS,
    title = {Entity-Centric Coreference Resolution with Model Stacking},
    author = {Clark, Kevin and Manning, Christopher D.},
    booktitle = {Association for Computational Linguistics (ACL)},
    year = {2015}
}
%% Neural System
@inproceedings{CorefAnnotatorN1,
    author = {Clark, Kevin and Manning, Christopher D.},
    booktitle = {Empirical Methods on Natural Language Processing},
    title = {Deep Reinforcement Learning for Mention-Ranking Coreference Models},
    url = {https://nlp.stanford.edu/pubs/clark2016deep.pdf},
    year = {2016}
}
@article{CorefAnnotatorN2,
    title={Improving coreference resolution by learning entity-level distributed representations},
    author={Clark, Kevin and Manning, Christopher D},
    journal={arXiv preprint arXiv:1606.01323},
    year={2016}
}
% AllenNLP
@article{lee2017end,
    title={End-to-end neural coreference resolution},
    author={Lee, Kenton and He, Luheng and Lewis, Mike and Zettlemoyer, Luke},
    journal={arXiv preprint arXiv:1707.07045},
    year={2017}
}
% neuralcoref
@article{bahdanau2017learning,
    title={Learning to compute word embeddings on the fly},
    author={Bahdanau, Dzmitry and Bosc, Tom and Jastrz{\k{e}}bski, Stanis{\l}aw and Grefenstette, Edward and Vincent, Pascal and Bengio, Yoshua},
    journal={arXiv preprint arXiv:1706.00286},
    year={2017}
}
@inproceedings{raghunathan2010multi,
    title={A multi-pass sieve for coreference resolution},
    author={Raghunathan, Karthik and Lee, Heeyoung and Rangarajan, Sudarshan and Chambers, Nathanael and Surdeanu, Mihai and Jurafsky, Dan and Manning, Christopher},
    booktitle={Proceedings of the 2010 Conference on Empirical Methods in Natural Language Processing},
    pages={492--501},
    year={2010},
    organization={Association for Computational Linguistics}
}
