@book{martin2009speech,
    title={Speech and language processing: An introduction to natural language processing, computational linguistics, and speech recognition},
    author={Martin, James H and Jurafsky, Daniel},
    year={2009},
    publisher={Pearson/Prentice Hall Upper Saddle River}
}
% Non-Goal-Oriented & Generic
@article{serban2015survey,
    title={A survey of available corpora for building data-driven dialogue systems},
    author={Serban, Iulian Vlad and Lowe, Ryan and Henderson, Peter and Charlin, Laurent and Pineau, Joelle},
    journal={arXiv preprint arXiv:1512.05742},
    year={2015}
}
@article{serban2015hierarchical,
    title={Hierarchical neural network generative models for movie dialogues},
    author={Serban, Iulian V and Sordoni, Alessandro and Bengio, Yoshua and Courville, Aaron and Pineau, Joelle},
    journal={arXiv preprint arXiv:1507.04808},
    volume={7},
    number={8},
    year={2015}
}
@inproceedings{serban2016building,
    title={Building end-to-end dialogue systems using generative hierarchical neural network models},
    author={Serban, Iulian V and Sordoni, Alessandro and Bengio, Yoshua and Courville, Aaron and Pineau, Joelle},
    booktitle={Thirtieth AAAI Conference on Artificial Intelligence},
    year={2016}
}
@inproceedings{shawar2007chatbots,
    title={Chatbots: are they really useful?},
    author={Shawar, Bayan Abu and Atwell, Eric},
    booktitle={Ldv forum},
    volume={22},
    number={1},
    pages={29--49},
    year={2007}
}
@article{wang2005spoken,
    title={Spoken language understanding},
    author={Wang, Ye-Yi and Deng, Li and Acero, Alex},
    journal={IEEE Signal Processing Magazine},
    volume={22},
    number={5},
    pages={16--31},
    year={2005},
    publisher={IEEE}
}
@article{wang2011semantic,
    title={Semantic frame-based spoken language understanding},
    author={Wang, Yeyi and Deng, Li and Acero, Alex},
    journal={Spoken Language Understanding: Systems for Extracting Semantic Information from Speech},
    pages={41--91},
    year={2011},
    publisher={Wiley Online Library}
}
@article{wang2016recent,
    title={Recent advances on human-computer dialogue},
    author={Wang, Xiaojie and Yuan, Caixia},
    journal={CAAI Transactions on Intelligence Technology},
    volume={1},
    number={4},
    pages={303--312},
    year={2016},
    publisher={Elsevier}
}
@article{young2013pomdp,
    title={Pomdp-based statistical spoken dialog systems: A review},
    author={Young, Steve and Ga\v{s}i\'c, Milica and Thomson, Blaise and Williams, Jason D},
    journal={Proceedings of the IEEE},
    volume={101},
    number={5},
    pages={1160--1179},
    year={2013},
    publisher={IEEE}
}
@inproceedings{roy2000spoken,
    title={Spoken dialogue management using probabilistic reasoning},
    author={Roy, Nicholas and Pineau, Joelle and Thrun, Sebastian},
    booktitle={Proceedings of the 38th Annual Meeting on Association for Computational Linguistics},
    pages={93--100},
    year={2000},
    organization={Association for Computational Linguistics}
}
@inproceedings{young2002talking,
    title={Talking to machines (statistically speaking)},
    author={Young, Steve},
    booktitle={Seventh International Conference on Spoken Language Processing},
    year={2002}
}
@article{weizenbaum1966eliza,
    title={ELIZAâ€”a computer program for the study of natural language communication between man and machine},
    author={Weizenbaum, Joseph},
    journal={Communications of the ACM},
    volume={9},
    number={1},
    pages={36--45},
    year={1966},
    publisher={ACM}
}
@article{colby1981modeling,
    title={Modeling a paranoid mind},
    author={Colby, Kenneth Mark},
    journal={Behavioral and Brain Sciences},
    volume={4},
    number={4},
    pages={515--534},
    year={1981},
    publisher={Cambridge University Press}
}
@article{colby1974ten,
    title={Ten criticisms of parry},
    author={Colby, Kenneth Mark},
    journal={ACM SIGART Bulletin},
    number={48},
    pages={5--9},
    year={1974},
    publisher={ACM}
}
@article{shieber1994lessons,
    title={Lessons from a restricted Turing test},
    author={Shieber, Stuart M},
    journal={arXiv preprint cmp-lg/9404002},
    year={1994}
}
@inproceedings{hutchens1998introducing,
    title={Introducing megahal},
    author={Hutchens, Jason L and Alder, Michael D},
    booktitle={Proceedings of the Joint Conferences on New Methods in Language Processing and Computational Natural Language Learning},
    pages={271--274},
    year={1998},
    organization={Association for Computational Linguistics}
}
@inproceedings{levin1997stochastic,
    title={A stochastic model of computer-human interaction for learning dialogue strategies},
    author={Levin, Esther and Pieraccini, Roberto},
    booktitle={Fifth European Conference on Speech Communication and Technology},
    year={1997}
}
@inproceedings{levin1998using,
    title={Using Markov decision process for learning dialogue strategies},
    author={Levin, Esther and Pieraccini, Roberto and Eckert, Wieland},
    booktitle={Acoustics, Speech and Signal Processing, 1998. Proceedings of the 1998 IEEE International Conference on},
    volume={1},
    pages={201--204},
    year={1998},
    organization={IEEE}
}
@inproceedings{singh2000reinforcement,
    title={Reinforcement learning for spoken dialogue systems},
    author={Singh, Satinder P and Kearns, Michael J and Litman, Diane J and Walker, Marilyn A},
    booktitle={Advances in Neural Information Processing Systems},
    pages={956--962},
    year={2000}
}
@inproceedings{walker1998learning,
    title={Learning optimal dialogue strategies: A case study of a spoken dialogue agent for email},
    author={Walker, Marilyn A and Fromer, Jeanne C and Narayanan, Shrikanth},
    booktitle={Proceedings of the 36th Annual Meeting of the Association for Computational Linguistics and 17th International Conference on Computational Linguistics-Volume 2},
    pages={1345--1351},
    year={1998},
    organization={Association for Computational Linguistics}
}
% Task Oriented
%% Difficulty
@article{tur2011intent,
    title={Intent determination and spoken utterance classification},
    author={Tur, Gokhan and Deng, Li},
    journal={Spoken Language Understanding: Systems for Extracting Semantic Information from Speech},
    pages={93--118},
    year={2011},
    publisher={Wiley Online Library}
}
@article{sarikaya2017technology,
    title={The technology behind personal digital assistants: An overview of the system architecture and key components},
    author={Sarikaya, Ruhi},
    journal={IEEE Signal Processing Magazine},
    volume={34},
    number={1},
    pages={67--81},
    year={2017},
    publisher={IEEE}
}
%% Intent & Text Classification
@article{schapire2000boostexter,
    title={BoosTexter: A boosting-based system for text categorization},
    author={Schapire, Robert E and Singer, Yoram},
    journal={Machine learning},
    volume={39},
    number={2-3},
    pages={135--168},
    year={2000},
    publisher={Springer}
}
@inproceedings{haffner2003optimizing,
    title={Optimizing SVMs for complex call classification},
    author={Haffner, Patrick and Tur, Gokhan and Wright, Jerry H},
    booktitle={2003 IEEE International Conference on Acoustics, Speech, and Signal Processing, 2003. Proceedings.(ICASSP'03).},
    volume={1},
    pages={I--I},
    year={2003},
    organization={IEEE}
}
@inproceedings{ang2005automatic,
    title={Automatic dialog act segmentation and classification in multiparty meetings},
    author={Ang, Jeremy and Liu, Yang and Shriberg, Elizabeth},
    booktitle={Proceedings.(ICASSP'05). IEEE International Conference on Acoustics, Speech, and Signal Processing, 2005.},
    volume={1},
    pages={I--1061},
    year={2005},
    organization={IEEE}
}
@inproceedings{bhargava2013easy,
    title={Easy contextual intent prediction and slot detection},
    author={Bhargava, Aditya and Celikyilmaz, Asli and Hakkani-T\"ur, Dilek and Sarikaya, Ruhi},
    booktitle={2013 IEEE International Conference on Acoustics, Speech and Signal Processing},
    pages={8337--8341},
    year={2013},
    organization={IEEE}
}
@article{sarikaya2014application,
    title={Application of deep belief networks for natural language understanding},
    author={Sarikaya, Ruhi and Hinton, Geoffrey E and Deoras, Anoop},
    journal={IEEE/ACM Transactions on Audio, Speech and Language Processing (TASLP)},
    volume={22},
    number={4},
    pages={778--784},
    year={2014},
    publisher={IEEE Press}
}
@article{kim2014convolutional,
    title={Convolutional neural networks for sentence classification},
    author={Kim, Yoon},
    journal={arXiv preprint arXiv:1408.5882},
    year={2014}
}
@article{zhang2015sensitivity,
    title={A sensitivity analysis of (and practitioners' guide to) convolutional neural networks for sentence classification},
    author={Zhang, Ye and Wallace, Byron},
    journal={arXiv preprint arXiv:1510.03820},
    year={2015}
}
@article{zhou2015c,
    title={A C-LSTM neural network for text classification},
    author={Zhou, Chunting and Sun, Chonglin and Liu, Zhiyuan and Lau, Francis},
    journal={arXiv preprint arXiv:1511.08630},
    year={2015}
}
@inproceedings{yang2016hierarchical,
    title={Hierarchical attention networks for document classification},
    author={Yang, Zichao and Yang, Diyi and Dyer, Chris and He, Xiaodong and Smola, Alex and Hovy, Eduard},
    booktitle={Proceedings of the 2016 Conference of the North American Chapter of the Association for Computational Linguistics: Human Language Technologies},
    pages={1480--1489},
    year={2016}
}
%% Slot-Filling
@inproceedings{raymond2007generative,
    title={Generative and discriminative algorithms for spoken language understanding},
    author={Raymond, Christian and Riccardi, Giuseppe},
    booktitle={Eighth Annual Conference of the International Speech Communication Association},
    year={2007}
}
@inproceedings{yao2013recurrent,
    title={Recurrent neural networks for language understanding.},
    author={Yao, Kaisheng and Zweig, Geoffrey and Hwang, Mei-Yuh and Shi, Yangyang and Yu, Dong},
    booktitle={Interspeech},
    pages={2524--2528},
    year={2013}
}
@inproceedings{yao2014spoken,
    title={Spoken language understanding using long short-term memory neural networks},
    author={Yao, Kaisheng and Peng, Baolin and Zhang, Yu and Yu, Dong and Zweig, Geoffrey and Shi, Yangyang},
    booktitle={2014 IEEE Spoken Language Technology Workshop (SLT)},
    pages={189--194},
    year={2014},
    organization={IEEE}
}
@inproceedings{mesnil2013investigation,
    title={Investigation of recurrent-neural-network architectures and learning methods for spoken language understanding.},
    author={Mesnil, Gr{\'e}goire and He, Xiaodong and Deng, Li and Bengio, Yoshua},
    booktitle={Interspeech},
    pages={3771--3775},
    year={2013}
}
@article{mesnil2015using,
    title={Using recurrent neural networks for slot filling in spoken language understanding},
    author={Mesnil, Gr{\'e}goire and Dauphin, Yann and Yao, Kaisheng and Bengio, Yoshua and Deng, Li and Hakkani-Tur, Dilek and He, Xiaodong and Heck, Larry and Tur, Gokhan and Yu, Dong and others},
    journal={IEEE/ACM Transactions on Audio, Speech, and Language Processing},
    volume={23},
    number={3},
    pages={530--539},
    year={2015},
    publisher={IEEE}
}
@inproceedings{liu2015recurrent,
    title={Recurrent neural network structured output prediction for spoken language understanding},
    author={Liu, Bing and Lane, Ian},
    booktitle={Proc. NIPS Workshop on Machine Learning for Spoken Language Understanding and Interactions},
    year={2015}
}
@inproceedings{vu2016bi,
    title={Bi-directional recurrent neural network with ranking loss for spoken language understanding},
    author={Vu, Ngoc Thang and Gupta, Pankaj and Adel, Heike and Sch{\"u}tze, Hinrich},
    booktitle={2016 IEEE International Conference on Acoustics, Speech and Signal Processing (ICASSP)},
    pages={6060--6064},
    year={2016},
    organization={Ieee}
}
%% SRL
@inproceedings{tur2005semi,
    title={Semi-supervised learning for spoken language understanding semantic role labeling},
    author={Tur, Gokhan and Hakkani-Tur, Dilek and Chotimongkol, Ananlada},
    booktitle={Automatic Speech Recognition and Understanding, 2005 IEEE Workshop on},
    pages={232--237},
    year={2005},
    organization={IEEE}
}
@inproceedings{hakkani2015clustering,
    title={Clustering novel intents in a conversational interaction system with semantic parsing},
    author={Hakkani-T\"ur, Dilek and Ju, Yun-Cheng and Zweig, Geoffrey and Tur, Gokhan},
    booktitle={Sixteenth Annual Conference of the International Speech Communication Association},
    year={2015}
}
@inproceedings{chen2013unsupervised,
    title={Unsupervised induction and filling of semantic slots for spoken dialogue systems using frame-semantic parsing},
    author={Chen, Yun-Nung and Wang, William Yang and Rudnicky, Alexander I},
    booktitle={Automatic Speech Recognition and Understanding (ASRU), 2013 IEEE Workshop on},
    pages={120--125},
    year={2013},
    organization={IEEE}
}
%% Joint
@article{jeong2008triangular,
    title={Triangular-chain conditional random fields},
    author={Jeong, Minwoo and Lee, Gary Geunbae},
    journal={IEEE Transactions on Audio, Speech, and Language Processing},
    volume={16},
    number={7},
    pages={1287--1302},
    year={2008},
    publisher={IEEE}
}
@inproceedings{xu2013convolutional,
    title={Convolutional neural network based triangular crf for joint intent detection and slot filling},
    author={Xu, Puyang and Sarikaya, Ruhi},
    booktitle={2013 IEEE Workshop on Automatic Speech Recognition and Understanding},
    pages={78--83},
    year={2013},
    organization={IEEE}
}
@inproceedings{hakkani2016multi,
    title={Multi-Domain Joint Semantic Frame Parsing Using Bi-Directional RNN-LSTM.},
    author={Hakkani-T\"ur, Dilek and T\"ur, G\"okhan and Celikyilmaz, Asli and Chen, Yun-Nung and Gao, Jianfeng and Deng, Li and Wang, Ye-Yi},
    booktitle={Interspeech},
    pages={715--719},
    year={2016}
}
@incollection{zhou2016hierarchical,
    title={A hierarchical LSTM model for joint tasks},
    author={Zhou, Qianrong and Wen, Liyun and Wang, Xiaojie and Ma, Long and Wang, Yue},
    booktitle={Chinese Computational Linguistics and Natural Language Processing Based on Naturally Annotated Big Data},
    pages={324--335},
    year={2016},
    publisher={Springer}
}
@article{goyal2018fast,
    title={Fast and scalable expansion of natural language understanding functionality for intelligent agents},
    author={Goyal, Anuj and Metallinou, Angeliki and Matsoukas, Spyros},
    journal={arXiv preprint arXiv:1805.01542},
    year={2018}
}
%% Multi-intent
@inproceedings{xu2013exploiting,
    title={Exploiting shared information for multi-intent natural language sentence classification.},
    author={Xu, Puyang and Sarikaya, Ruhi},
    booktitle={INTERSPEECH},
    pages={3785--3789},
    year={2013}
}
@article{kim2017two,
    title={Two-stage multi-intent detection for spoken language understanding},
    author={Kim, Byeongchang and Ryu, Seonghan and Lee, Gary Geunbae},
    journal={Multimedia Tools and Applications},
    volume={76},
    number={9},
    pages={11377--11390},
    year={2017},
    publisher={Springer}
}
@inproceedings{rychalska2018multi,
    title={Multi-Intent Hierarchical Natural Language Understanding for Chatbots},
    author={Rychalska, Barbara and Glabska, Helena and Wroblewska, Anna},
    booktitle={2018 Fifth International Conference on Social Networks Analysis, Management and Security (SNAMS)},
    pages={256--259},
    year={2018},
    organization={IEEE}
}
@article{xia2018zero,
    title={Zero-shot user intent detection via capsule neural networks},
    author={Xia, Congying and Zhang, Chenwei and Yan, Xiaohui and Chang, Yi and Yu, Philip S},
    journal={arXiv preprint arXiv:1809.00385},
    year={2018}
}
% Other
@article{diamantopoulos2017software,
    title={Software requirements as an application domain for natural language processing},
    author={Diamantopoulos, Themistoklis and Roth, Michael and Symeonidis, Andreas and Klein, Ewan},
    journal={Language Resources and Evaluation},
    volume={51},
    number={2},
    pages={495--524},
    year={2017},
    publisher={Springer}
}
