% Ontologies
@inproceedings{hu2009understanding,
    title={Understanding user's query intent with wikipedia},
    author={Hu, Jian and Wang, Gang and Lochovsky, Fred and Sun, Jian-tao and Chen, Zheng},
    booktitle={Proceedings of the 18th international conference on World wide web},
    pages={471--480},
    year={2009},
    organization={ACM}
}
@article{salamknowledge,
    title={Knowledge Engine for Robots Using Ontology},
    author={Salam, Khan Md Anwarus and Munawar, Asim},
    year={2017}
}
@inproceedings{knowrob,
    title={KnowRobâ€”knowledge processing for autonomous personal robots},
    author={Tenorth, Moritz and Beetz, Michael},
    booktitle={2009 IEEE/RSJ International Conference on Intelligent Robots and Systems},
    pages={4261--4266},
    year={2009},
    organization={IEEE}
}
@article{zhang2018learning,
    title={Learning to transform service instructions into actions with reinforcement learning and knowledge base},
    author={Zhang, Meng-Yang and Tian, Guo-Hui and Li, Ci-Ci and Gong, Jing},
    journal={International Journal of Automation and Computing},
    volume={15},
    number={5},
    pages={582--592},
    year={2018},
    publisher={Springer}
}
@inproceedings{nyga2018grounding,
    title={Grounding Robot Plans from Natural Language Instructions with Incomplete World Knowledge},
    author={Nyga, Daniel and Roy, Subhro and Paul, Rohan and Park, Daehyung and Pomarlan, Mihai and Beetz, Michael and Roy, Nicholas},
    booktitle={Conference on Robot Learning},
    pages={714--723},
    year={2018}
}
@article{zang2018translating,
    title={Translating Navigation Instructions in Natural Language to a High-Level Plan for Behavioral Robot Navigation},
    author={Zang, Xiaoxue and Pokle, Ashwini and V{\'a}zquez, Marynel and Chen, Kevin and Niebles, Juan Carlos and Soto, Alvaro and Savarese, Silvio},
    journal={arXiv preprint arXiv:1810.00663},
    year={2018}
}
@article{lee2016sequential,
    title={Sequential short-text classification with recurrent and convolutional neural networks},
    author={Lee, Ji Young and Dernoncourt, Franck},
    journal={arXiv preprint arXiv:1603.03827},
    year={2016}
}
@inproceedings{pareti2013automatically,
    title={Automatically detecting and attributing indirect quotations},
    author={Pareti, Silvia and O'Keefe, Tim and Konstas, Ioannis and Curran, James R and Koprinska, Irena},
    booktitle={Proceedings of the 2013 Conference on Empirical Methods in Natural Language Processing},
    pages={989--999},
    year={2013}
}
