@inproceedings{graefe2009ancient,
    title={From ancient machines to intelligent robots --- A technical evolution},
    author={Graefe, Volker and Bischoff, Rainer},
    booktitle={2009 9th International Conference on Electronic Measurement \& Instruments},
    pages={3--418},
    year={2009},
    organization={IEEE}
}
@book{asimov1989asimov,
    title={Asimov's chronology of science and discovery},
    author={Asimov, Isaac},
    year={1989},
    publisher={HarperCollins}
}
@book{craig2009introduction,
    title={Introduction to robotics: mechanics and control, 3/E},
    author={Craig, John J},
    year={2009},
    publisher={Pearson Education}
}
@book{breazeal2004designing,
    title={Designing sociable robots},
    author={Breazeal, Cynthia L},
    year={2004},
    publisher={MIT press}
}
@article{dunbar2007evolution,
    title={Evolution in the social brain},
    author={Dunbar, Robin IM and Shultz, Susanne},
    journal={science},
    volume={317},
    number={5843},
    pages={1344--1347},
    year={2007},
    publisher={American Association for the Advancement of Science}
}
@book{gera2003ancient,
    title={Ancient Greek ideas on speech, language, and civilization},
    author={Gera, Deborah Levine},
    year={2003},
    publisher={Oxford University Press, USA}
}
