@article{allennlp,
    title={Allennlp: A deep semantic natural language processing platform},
    author={Gardner, Matt and Grus, Joel and Neumann, Mark and Tafjord, Oyvind and Dasigi, Pradeep and Liu, Nelson and Peters, Matthew and Schmitz, Michael and Zettlemoyer, Luke},
    journal={arXiv preprint arXiv:1803.07640},
    year={2018},
    url={https://allennlp.org/}
}
@article{spacy,
    title={spacy 2: Natural language understanding with bloom embeddings, convolutional neural networks and incremental parsing},
    author={Honnibal, Matthew and Montani, Ines},
    journal={To appear},
    year={2017},
    url={https://spacy.io/}
}
@article{snips,
    title={Snips Voice Platform: an embedded Spoken Language Understanding system for private-by-design voice interfaces},
    author={Coucke, Alice and Saade, Alaa and Ball, Adrien and Bluche, Th{\'e}odore and Caulier, Alexandre and Leroy, David and Doumouro, Cl{\'e}ment and Gisselbrecht, Thibault and Caltagirone, Francesco and Lavril, Thibaut and others},
    journal={arXiv preprint arXiv:1805.10190},
    pages={12--16},
    year={2018},
    url={https://github.com/snipsco/snips-nlu}
}
@misc{rustling,
    author={Snips},
    title={Rustling: Rust implementation of Duckling},
    year={2017},
    publisher={GitHub},
    journal={GitHub repository},
    howpublished={\url{https://github.com/snipsco/rustling}}
}
@misc{duckling,
    author={Facebook},
    title={Duckling: Language, engine, and tooling for expressing, testing, and evaluating composable language rules on input strings.},
    year={2017},
    publisher={GitHub},
    journal={GitHub repository},
    howpublished={\url{https://github.com/facebook/duckling}}
}
@article{rasa,
    title={Rasa: Open source language understanding and dialogue management},
    author={Bocklisch, Tom and Faulkner, Joey and Pawlowski, Nick and Nichol, Alan},
    journal={arXiv preprint arXiv:1712.05181},
    year={2017},
    url={https://rasa.com/}
}
@article{scikit-learn,
    title={Scikit-learn: Machine learning in Python},
    author={Pedregosa, Fabian and Varoquaux, Ga{\"e}l and Gramfort, Alexandre and Michel, Vincent and Thirion, Bertrand and Grisel, Olivier and Blondel, Mathieu and Prettenhofer, Peter and Weiss, Ron and Dubourg, Vincent and others},
    journal={Journal of machine learning research},
    volume={12},
    number={Oct},
    pages={2825--2830},
    year={2011},
    url={https://scikit-learn.org/stable/}
}
@inproceedings{glove,
    title={Glove: Global vectors for word representation},
    author={Pennington, Jeffrey and Socher, Richard and Manning, Christopher},
    booktitle={Proceedings of the 2014 conference on empirical methods in natural language processing (EMNLP)},
    pages={1532--1543},
    year={2014},
    url={https://nlp.stanford.edu/projects/glove/}
}
@inproceedings{tensorflow,
    title={Tensorflow: A system for large-scale machine learning},
    author={Abadi, Mart{\'\i}n and Barham, Paul and Chen, Jianmin and Chen, Zhifeng and Davis, Andy and Dean, Jeffrey and Devin, Matthieu and Ghemawat, Sanjay and Irving, Geoffrey and Isard, Michael and others},
    booktitle={12th $\{$USENIX$\}$ Symposium on Operating Systems Design and Implementation ($\{$OSDI$\}$ 16)},
    pages={265--283},
    year={2016}
}
@inproceedings{wu2018starspace,
    title={Starspace: Embed all the things!},
    author={Wu, Ledell Yu and Fisch, Adam and Chopra, Sumit and Adams, Keith and Bordes, Antoine and Weston, Jason},
    booktitle={Thirty-Second AAAI Conference on Artificial Intelligence},
    year={2018}
}
@inproceedings{deeppavlov,
    title={DeepPavlov: Open-Source Library for Dialogue Systems},
    author={Burtsev, Mikhail and Seliverstov, Alexander and Airapetyan, Rafael and Arkhipov, Mikhail and Baymurzina, Dilyara and Bushkov, Nickolay and Gureenkova, Olga and Khakhulin, Taras and Kuratov, Yuri and Kuznetsov, Denis and others},
    booktitle={Proceedings of ACL 2018, System Demonstrations},
    pages={122--127},
    year={2018},
    url={https://github.com/deepmipt/DeepPavlov}
}
% CoreNLP
@inproceedings{corenlp,
    title={The Stanford CoreNLP natural language processing toolkit},
    author={Manning, Christopher and Surdeanu, Mihai and Bauer, John and Finkel, Jenny and Bethard, Steven and McClosky, David},
    booktitle={Proceedings of 52nd annual meeting of the association for computational linguistics: system demonstrations},
    pages={55--60},
    year={2014},
    url={https://stanfordnlp.github.io/CoreNLP/}
}
%%
@misc{neuralcoref,
    author={Hugging Face},
    title={neuralcoref: Fast Coreference Resolution in spaCy with Neural Networks},
    year={2017},
    publisher={GitHub},
    journal={GitHub repository},
    howpublished={\url{https://github.com/huggingface/neuralcoref/}}
}
@misc{pyecore,
    author={pyecore},
    title={PyÎ•core: A Python(nic) Implementation of EMF/Ecore (Eclipse Modeling Framework)},
    year={2017},
    publisher={GitHub},
    journal={GitHub repository},
    howpublished={\url{https://github.com/pyecore/pyecore}}
}
@misc{networkx,
    author={networkx},
    title={networkx: Software for complex networks},
    year={2005},
    publisher={GitHub},
    journal={GitHub repository},
    howpublished={\url{https://github.com/networkx/networkx}}
}
@misc{matplotlib,
    author={matplotlib},
    title={matplotlib: plotting with Python},
    year={2003},
    publisher={GitHub},
    journal={GitHub repository},
    howpublished={\url{https://github.com/matplotlib/matplotlib}}
}
@misc{graphviz,
    author={Graphviz},
    title={Graphviz: Graph Visualization Software},
    year={1991},
    publisher={GitLab},
    journal={GitLab repository},
    howpublished={\url{https://gitlab.com/graphviz/graphviz}}
}
@misc{requests,
    author={Kenneth Reitz},
    title={requests: Python HTTP Requests for Humans},
    year={2011},
    publisher={GitHub},
    journal={GitHub repository},
    howpublished={\url{https://github.com/kennethreitz/requests}}
}
@misc{braceexpand,
    author={Stanis Trendelenburg},
    title={braceexpand: Bash-style brace expansion for Python},
    year={2015},
    publisher={GitHub},
    journal={GitHub repository},
    howpublished={\url{https://github.com/trendels/braceexpand}}
}
