% Robot
@inproceedings{matuszek2013learning,
    title={Learning to parse natural language commands to a robot control system},
    author={Matuszek, Cynthia and Herbst, Evan and Zettlemoyer, Luke and Fox, Dieter},
    booktitle={Experimental Robotics},
    pages={403--415},
    year={2013},
    organization={Springer}
}
@inproceedings{shimizu2009learning,
    title={Learning to follow navigational route instructions},
    author={Shimizu, Nobuyuki and Haas, Andrew},
    booktitle={Twenty-First International Joint Conference on Artificial Intelligence},
    year={2009}
}
@inproceedings{branavan2009reinforcement,
    title={Reinforcement learning for mapping instructions to actions},
    author={Branavan, Satchuthananthavale RK and Chen, Harr and Zettlemoyer, Luke S and Barzilay, Regina},
    booktitle={Proceedings of the Joint Conference of the 47th Annual Meeting of the ACL and the 4th International Joint Conference on Natural Language Processing of the AFNLP: Volume 1-Volume 1},
    pages={82--90},
    year={2009},
    organization={Association for Computational Linguistics}
}
@inproceedings{tellex2011understanding,
    title={Understanding natural language commands for robotic navigation and mobile manipulation},
    author={Tellex, Stefanie and Kollar, Thomas and Dickerson, Steven and Walter, Matthew R and Banerjee, Ashis Gopal and Teller, Seth and Roy, Nicholas},
    booktitle={Twenty-Fifth AAAI Conference on Artificial Intelligence},
    year={2011}
}
@article{tellex2011approaching,
    title={Approaching the symbol grounding problem with probabilistic graphical models},
    author={Tellex, Stefanie and Kollar, Thomas and Dickerson, Steven and Walter, Matthew R and Banerjee, Ashis Gopal and Teller, Seth and Roy, Nicholas},
    journal={AI magazine},
    volume={32},
    number={4},
    pages={64--76},
    year={2011}
}
% Other
@inproceedings{quirk2015language,
    title={Language to code: Learning semantic parsers for if-this-then-that recipes},
    author={Quirk, Chris and Mooney, Raymond and Galley, Michel},
    booktitle={Proceedings of the 53rd Annual Meeting of the Association for Computational Linguistics and the 7th International Joint Conference on Natural Language Processing (Volume 1: Long Papers)},
    volume={1},
    pages={878--888},
    year={2015}
}
@inproceedings{berant2013semantic,
    title={Semantic parsing on freebase from question-answer pairs},
    author={Berant, Jonathan and Chou, Andrew and Frostig, Roy and Liang, Percy},
    booktitle={Proceedings of the 2013 Conference on Empirical Methods in Natural Language Processing},
    pages={1533--1544},
    year={2013}
}
@inproceedings{andreas2013semantic,
    title={Semantic parsing as machine translation},
    author={Andreas, Jacob and Vlachos, Andreas and Clark, Stephen},
    booktitle={Proceedings of the 51st Annual Meeting of the Association for Computational Linguistics (Volume 2: Short Papers)},
    volume={2},
    pages={47--52},
    year={2013}
}
@article{rabinovich2017abstract,
    title={Abstract syntax networks for code generation and semantic parsing},
    author={Rabinovich, Maxim and Stern, Mitchell and Klein, Dan},
    journal={arXiv preprint arXiv:1704.07535},
    year={2017}
}
@article{yin2017syntactic,
    title={A syntactic neural model for general-purpose code generation},
    author={Yin, Pengcheng and Neubig, Graham},
    journal={arXiv preprint arXiv:1704.01696},
    year={2017}
}
