@misc{marquez2008semantic,
    title={Semantic role labeling: an introduction to the special issue},
    author={M\`arquez, Llu\'is and Carreras, Xavier and Litkowski, Kenneth C and Stevenson, Suzanne},
    year={2008},
    publisher={MIT Press}
}
@inproceedings{framenet,
    title={The berkeley framenet project},
    author={Baker, Collin F and Fillmore, Charles J and Lowe, John B},
    booktitle={Proceedings of the 17th international conference on Computational linguistics-Volume 1},
    pages={86--90},
    year={1998},
    organization={Association for Computational Linguistics}
}
% Propbank
@article{penntreebank,
    title={Building a large annotated corpus of English: The Penn Treebank},
    author={Marcus, Mitchell and Santorini, Beatrice and Marcinkiewicz, Mary Ann},
    year={1993}
}
@inproceedings{propbank,
    title={From TreeBank to PropBank.},
    author={Kingsbury, Paul and Palmer, Martha},
    booktitle={LREC},
    pages={1989--1993},
    year={2002},
    organization={Citeseer}
}
@inproceedings{kingsbury2002adding,
    title={Adding semantic annotation to the penn treebank},
    author={Kingsbury, Paul and Palmer, Martha and Marcus, Mitch},
    booktitle={Proceedings of the human language technology conference},
    pages={252--256},
    year={2002},
    organization={Citeseer}
}
@article{propbank2015guidelines,
    title={Propbank annotation guidelines},
    author={Bonial, Claire and Bonn, Julia and Conger, Kathryn and Hwang, Jena and Palmer, Martha and Reese, Nicholas},
    journal={Center for Computational Language and Education Research Institute of Cognitive Science University of Colorad at Boulder},
    year={2015}
}
% Other downstream tasks
%% Machine reading
@inproceedings{berant2014modeling,
    title={Modeling biological processes for reading comprehension},
    author={Berant, Jonathan and Srikumar, Vivek and Chen, Pei-Chun and Vander Linden, Abby and Harding, Brittany and Huang, Brad and Clark, Peter and Manning, Christopher D},
    booktitle={Proceedings of the 2014 Conference on Empirical Methods in Natural Language Processing (EMNLP)},
    pages={1499--1510},
    year={2014}
}
@inproceedings{wang2015machine,
    title={Machine comprehension with syntax, frames, and semantics},
    author={Wang, Hai and Bansal, Mohit and Gimpel, Kevin and McAllester, David},
    booktitle={Proceedings of the 53rd Annual Meeting of the Association for Computational Linguistics and the 7th International Joint Conference on Natural Language Processing (Volume 2: Short Papers)},
    volume={2},
    pages={700--706},
    year={2015}
}
%% Questions Answering
@inproceedings{narayanan2004question,
    title={Question answering based on semantic structures},
    author={Narayanan, Srini and Harabagiu, Sanda},
    booktitle={Proceedings of the 20th international conference on Computational Linguistics},
    pages={693},
    year={2004},
    organization={Association for Computational Linguistics}
}
@article{weston2015towards,
    title={Towards ai-complete question answering: A set of prerequisite toy tasks},
    author={Weston, Jason and Bordes, Antoine and Chopra, Sumit and Rush, Alexander M and van Merri{\"e}nboer, Bart and Joulin, Armand and Mikolov, Tomas},
    journal={arXiv preprint arXiv:1502.05698},
    year={2015}
}
@inproceedings{yih2016value,
    title={The value of semantic parse labeling for knowledge base question answering},
    author={Yih, Wen-tau and Richardson, Matthew and Meek, Chris and Chang, Ming-Wei and Suh, Jina},
    booktitle={Proceedings of the 54th Annual Meeting of the Association for Computational Linguistics (Volume 2: Short Papers)},
    volume={2},
    pages={201--206},
    year={2016}
}
%% Translation
@inproceedings{liu2010semantic,
    title={Semantic role features for machine translation},
    author={Liu, Ding and Gildea, Daniel},
    booktitle={Proceedings of the 23rd International Conference on Computational Linguistics},
    pages={716--724},
    year={2010},
    organization={Association for Computational Linguistics}
}
@inproceedings{bazrafshan2013semantic,
    title={Semantic roles for string to tree machine translation},
    author={Bazrafshan, Marzieh and Gildea, Daniel},
    booktitle={Proceedings of the 51st Annual Meeting of the Association for Computational Linguistics (Volume 2: Short Papers)},
    volume={2},
    pages={419--423},
    year={2013}
}
@inproceedings{wu2009semantic,
    title={Semantic roles for smt: a hybrid two-pass model},
    author={Wu, Dekai and Fung, Pascale},
    booktitle={Proceedings of Human Language Technologies: The 2009 Annual Conference of the North American Chapter of the Association for Computational Linguistics, Companion Volume: Short Papers},
    pages={13--16},
    year={2009},
    organization={Association for Computational Linguistics}
}
@inproceedings{gao2011utilizing,
    title={Utilizing target-side semantic role labels to assist hierarchical phrase-based machine translation},
    author={Gao, Qin and Vogel, Stephan},
    booktitle={Proceedings of the Fifth Workshop on Syntax, Semantics and Structure in Statistical Translation},
    pages={107--115},
    year={2011},
    organization={Association for Computational Linguistics}
}
%% Event extraction
@inproceedings{surdeanu2003using,
    title={Using predicate-argument structures for information extraction},
    author={Surdeanu, Mihai and Harabagiu, Sanda and Williams, John and Aarseth, Paul},
    booktitle={Proceedings of the 41st Annual Meeting on Association for Computational Linguistics-Volume 1},
    pages={8--15},
    year={2003},
    organization={Association for Computational Linguistics}
}
@inproceedings{exner2011using,
    title={Using semantic role labeling to extract events from Wikipedia},
    author={Exner, Peter and Nugues, Pierre},
    booktitle={Proceedings of the workshop on detection, representation, and exploitation of events in the semantic web (DeRiVE 2011). Workshop in conjunction with the 10th international semantic web conference},
    pages={23--24},
    year={2011}
}
@article{rospocher2016building,
    title={Building event-centric knowledge graphs from news},
    author={Rospocher, Marco and van Erp, Marieke and Vossen, Piek and Fokkens, Antske and Aldabe, Itziar and Rigau, German and Soroa, Aitor and Ploeger, Thomas and Bogaard, Tessel},
    journal={Web Semantics: Science, Services and Agents on the World Wide Web},
    volume={37},
    pages={132--151},
    year={2016},
    publisher={Elsevier}
}
% Role of syntax
@inproceedings{carreras2005introduction,
    title={Introduction to the CoNLL-2005 shared task: Semantic role labeling},
    author={Carreras, Xavier and M{\`a}rquez, Llu{\'\i}s},
    booktitle={Proceedings of the ninth conference on computational natural language learning},
    pages={152--164},
    year={2005},
    organization={Association for Computational Linguistics}
}
@inproceedings{koomen2005generalized,
    title={Generalized inference with multiple semantic role labeling systems},
    author={Koomen, Peter and Punyakanok, Vasin and Roth, Dan and Yih, Wen-tau},
    booktitle={Proceedings of the Ninth Conference on Computational Natural Language Learning},
    pages={181--184},
    year={2005},
    organization={Association for Computational Linguistics}
}
@article{punyakanok2008importance,
    title={The importance of syntactic parsing and inference in semantic role labeling},
    author={Punyakanok, Vasin and Roth, Dan and Yih, Wen-tau},
    journal={Computational Linguistics},
    volume={34},
    number={2},
    pages={257--287},
    year={2008},
    publisher={MIT Press}
}
% NN
@article{collobert2011natural,
    title={Natural language processing (almost) from scratch},
    author={Collobert, Ronan and Weston, Jason and Bottou, L{\'e}on and Karlen, Michael and Kavukcuoglu, Koray and Kuksa, Pavel},
    journal={Journal of machine learning research},
    volume={12},
    number={Aug},
    pages={2493--2537},
    year={2011}
}
@inproceedings{zhou2015end,
    title={End-to-end learning of semantic role labeling using recurrent neural networks},
    author={Zhou, Jie and Xu, Wei},
    booktitle={Proceedings of the 53rd Annual Meeting of the Association for Computational Linguistics and the 7th International Joint Conference on Natural Language Processing (Volume 1: Long Papers)},
    volume={1},
    pages={1127--1137},
    year={2015}
}
@article{marcheggiani2017simple,
    title={A simple and accurate syntax-agnostic neural model for dependency-based semantic role labeling},
    author={Marcheggiani, Diego and Frolov, Anton and Titov, Ivan},
    journal={arXiv preprint arXiv:1701.02593},
    year={2017}
}
% allennlp's srl
@inproceedings{he2017deep,
    title={Deep semantic role labeling: What works and whatâ€™s next},
    author={He, Luheng and Lee, Kenton and Lewis, Mike and Zettlemoyer, Luke},
    booktitle={Proceedings of the 55th Annual Meeting of the Association for Computational Linguistics (Volume 1: Long Papers)},
    volume={1},
    pages={473--483},
    year={2017}
}
