@inproceedings{sharif2014cnn,
    title={CNN features off-the-shelf: an astounding baseline for recognition},
    author={Sharif Razavian, Ali and Azizpour, Hossein and Sullivan, Josephine and Carlsson, Stefan},
    booktitle={Proceedings of the IEEE conference on computer vision and pattern recognition workshops},
    pages={806--813},
    year={2014}
}
@inproceedings{girshick2014rich,
    title={Rich feature hierarchies for accurate object detection and semantic segmentation},
    author={Girshick, Ross and Donahue, Jeff and Darrell, Trevor and Malik, Jitendra},
    booktitle={Proceedings of the IEEE conference on computer vision and pattern recognition},
    pages={580--587},
    year={2014}
}
@inproceedings{donahue2014decaf,
    title={Decaf: A deep convolutional activation feature for generic visual recognition},
    author={Donahue, Jeff and Jia, Yangqing and Vinyals, Oriol and Hoffman, Judy and Zhang, Ning and Tzeng, Eric and Darrell, Trevor},
    booktitle={International conference on machine learning},
    pages={647--655},
    year={2014}
}
%% NLP
@article{bert,
    title={Bert: Pre-training of deep bidirectional transformers for language understanding},
    author={Devlin, Jacob and Chang, Ming-Wei and Lee, Kenton and Toutanova, Kristina},
    journal={arXiv preprint arXiv:1810.04805},
    year={2018},
    url={https://github.com/google-research/bert}
}
@article{elmo,
    title={Deep contextualized word representations},
    author={Peters, Matthew E and Neumann, Mark and Iyyer, Mohit and Gardner, Matt and Clark, Christopher and Lee, Kenton and Zettlemoyer, Luke},
    journal={arXiv preprint arXiv:1802.05365},
    year={2018}
}
@article{ulmfit,
    title={Universal language model fine-tuning for text classification},
    author={Howard, Jeremy and Ruder, Sebastian},
    journal={arXiv preprint arXiv:1801.06146},
    year={2018}
}
